@article{main,
  author={Aditya Grover and Jure Leskovec},
  title={node2vec: Scalable Feature Learning for Networks},
  year={2016}
}
